<record><leader>00000cas a22000007a 4500</leader><controlfield tag="001">19649866</controlfield><controlfield tag="008">890503d18851969mouwr ne      0    0eng d</controlfield><datafield ind1=" " ind2=" " tag="010"><subfield code="a">sn 89066531 </subfield></datafield><datafield ind1=" " ind2=" " tag="040"><subfield code="a">MQN</subfield><subfield code="b">eng</subfield><subfield code="c">MQN</subfield><subfield code="d">OCLCQ</subfield></datafield><datafield ind1=" " ind2=" " tag="042"><subfield code="a">msc</subfield></datafield><datafield ind1="0" ind2="4" tag="245"><subfield code="a">The Cainsville news.</subfield></datafield><datafield ind1=" " ind2=" " tag="260"><subfield code="a">Cainsville, Mo. :</subfield><subfield code="b">J.D. McDaniel,</subfield><subfield code="c">-1969.</subfield></datafield><datafield ind1=" " ind2=" " tag="300"><subfield code="a">v.</subfield></datafield><datafield ind1=" " ind2=" " tag="310"><subfield code="a">Weekly</subfield></datafield><datafield ind1="1" ind2=" " tag="362"><subfield code="a">Began in 1885?</subfield></datafield><datafield ind1="0" ind2=" " tag="362"><subfield code="a">-v. 82, no. 41 (Jan. 9, 1969).</subfield></datafield><datafield ind1=" " ind2=" " tag="588"><subfield code="a">Description based on: Vol. 5, no. 27 (Oct. 30, 1890).</subfield></datafield><datafield ind1=" " ind2=" " tag="752"><subfield code="a">United States</subfield><subfield code="b">Missouri</subfield><subfield code="c">Harrison</subfield><subfield code="d">Cainsville.</subfield></datafield><datafield ind1="0" ind2="4" tag="785"><subfield code="t">Bethany republican-clipper</subfield><subfield code="w">(DLC)sn 89066303</subfield></datafield></record>